@online{resource:dbf,
	title = {Datenbankfahrplan},	
	organization={Technische Universit√§t Chemnitz},
	date = {n.A.},	
	file = {res/datenbankfahrplan_chemnitz.pdf},
	url = {https://www.tu-chemnitz.de/ub/kurse-und-e-learning/ik/Materialien/datenbankfahrplan_chemnitz.pdf},
	urldate = {2017-10-28},
}
@online{resource:wld,
	title = {Literaturdatenbank},	
	organization={Wikipedia},
	date = {n.A.},	
	url = {https://de.wikipedia.org/wiki/Literaturdatenbank},
	urldate = {2017-10-28},
}
@online{resource:aacm,
	title = {About the ACM organisation},	
	organization={Association for Computing Machinery},
	date = {n.A.},	
	url = {http://www.acm.org/about-acm/about-the-acm-organization},
	urldate = {2017-10-28},
}
@online{resource:wacm,
	title = {Association for Computing Machinery},	
	organization={Wikipedia},
	date = {n.A.},	
	url = {https://de.wikipedia.org/wiki/Association_for_Computing_Machinery},
	urldate = {2017-10-28},
}
